<marcxml:record xmlns:xlink="http://www.w3.org/1999/xlink" xmlns:marcxml="http://www.loc.gov/MARC21/slim" xmlns:mets="http://www.loc.gov/METS/" xmlns:mxe="http://www.loc.gov/mxe" xmlns:rdf="http://www.w3.org/1999/02/22-rdf-syntax-ns#" xmlns:rdfs="http://www.w3.org/2000/01/rdf-schema#" xmlns:skos="http://www.w3.org/2004/02/skos/core#" xmlns:madsrdf="http://www.loc.gov/mads/rdf/v1#" xmlns:ri="http://id.loc.gov/ontologies/RecordInfo#" xmlns:sem="http://marklogic.com/semantics">
  <marcxml:leader>01544cz  a2200313n  4500</marcxml:leader>
  <marcxml:controlfield tag="001">n83019332</marcxml:controlfield>
  <marcxml:controlfield tag="003">DLC</marcxml:controlfield>
  <marcxml:controlfield tag="005">20090206081016.0</marcxml:controlfield>
  <marcxml:controlfield tag="008">830615n| acannaabn          |a ana      </marcxml:controlfield>
  <marcxml:datafield tag="010" ind1=" " ind2=" ">
    <marcxml:subfield code="a">n  83019332 </marcxml:subfield>
  </marcxml:datafield>
  <marcxml:datafield tag="035" ind1=" " ind2=" ">
    <marcxml:subfield code="a">(OCoLC)oca00912429</marcxml:subfield>
  </marcxml:datafield>
  <marcxml:datafield tag="040" ind1=" " ind2=" ">
    <marcxml:subfield code="a">DLC</marcxml:subfield>
    <marcxml:subfield code="b">eng</marcxml:subfield>
    <marcxml:subfield code="c">DLC</marcxml:subfield>
    <marcxml:subfield code="d">PPiU</marcxml:subfield>
    <marcxml:subfield code="d">DLC</marcxml:subfield>
    <marcxml:subfield code="d">NNFr</marcxml:subfield>
    <marcxml:subfield code="d">OCoLC</marcxml:subfield>
  </marcxml:datafield>
  <marcxml:datafield tag="110" ind1="2" ind2=" ">
    <marcxml:subfield code="a">Basilica di S. Giovanni in Laterano</marcxml:subfield>
  </marcxml:datafield>
  <marcxml:datafield tag="410" ind1="2" ind2=" ">
    <marcxml:subfield code="a">Basilica di San Giovanni in Laterano</marcxml:subfield>
  </marcxml:datafield>
  <marcxml:datafield tag="410" ind1="2" ind2=" ">
    <marcxml:subfield code="a">Basilique St Jean de Latran</marcxml:subfield>
  </marcxml:datafield>
  <marcxml:datafield tag="410" ind1="2" ind2=" ">
    <marcxml:subfield code="a">San Giovanni in Laterano (Basilica : Rome, Italy)</marcxml:subfield>
  </marcxml:datafield>
  <marcxml:datafield tag="410" ind1="2" ind2=" ">
    <marcxml:subfield code="a">S. Giovanni in Laterano (Basilica : Rome, Italy)</marcxml:subfield>
  </marcxml:datafield>
  <marcxml:datafield tag="410" ind1="2" ind2=" ">
    <marcxml:subfield code="a">Basilica del Laterano (Rome, Italy)</marcxml:subfield>
  </marcxml:datafield>
  <marcxml:datafield tag="410" ind1="2" ind2=" ">
    <marcxml:subfield code="a">Basilica Salvatoris (Rome, Italy)</marcxml:subfield>
  </marcxml:datafield>
  <marcxml:datafield tag="410" ind1="2" ind2=" ">
    <marcxml:subfield code="a">Saint John Lateran (Basilica : Rome, Italy)</marcxml:subfield>
  </marcxml:datafield>
  <marcxml:datafield tag="410" ind1="2" ind2=" ">
    <marcxml:subfield code="a">St. John's in the Lateran (Basilica : Rome, Italy)</marcxml:subfield>
  </marcxml:datafield>
  <marcxml:datafield tag="410" ind1="1" ind2=" ">
    <marcxml:subfield code="w">nnaa</marcxml:subfield>
    <marcxml:subfield code="a">Rome (City).</marcxml:subfield>
    <marcxml:subfield code="b">San Giovanni in Laterano (Church)</marcxml:subfield>
  </marcxml:datafield>
  <marcxml:datafield tag="670" ind1=" " ind2=" ">
    <marcxml:subfield code="a">Ricard, F. Les Franciscains au Latran, 1980 (subj.)</marcxml:subfield>
    <marcxml:subfield code="b">p. 5 (Basilique St Jean de Latran)</marcxml:subfield>
  </marcxml:datafield>
  <marcxml:datafield tag="670" ind1=" " ind2=" ">
    <marcxml:subfield code="a">San Giovanni in Laterano, 1990:</marcxml:subfield>
    <marcxml:subfield code="b">t.p. verso (Basilica di San Giovanni in Laterano) p. 7 (Roma; Basilica del Laterano) p. 11 (S. Giovanni in Laterano)</marcxml:subfield>
  </marcxml:datafield>
  <marcxml:datafield tag="670" ind1=" " ind2=" ">
    <marcxml:subfield code="a">Roma tel. dir., 1974-75</marcxml:subfield>
    <marcxml:subfield code="b">(Basilica di S. Giovanni in Laterano)</marcxml:subfield>
  </marcxml:datafield>
  <marcxml:datafield tag="670" ind1=" " ind2=" ">
    <marcxml:subfield code="a">Cultus et decor, 1994:</marcxml:subfield>
    <marcxml:subfield code="b">t.p. (Basilica Salvatoris) index (Basilica Salvatoris (S. Giovanni in Laterano))</marcxml:subfield>
  </marcxml:datafield>
  <marcxml:datafield tag="670" ind1=" " ind2=" ">
    <marcxml:subfield code="a">LC database Mar. 23, 2001</marcxml:subfield>
    <marcxml:subfield code="b">(hdg.: Rome (City). San Giovanni in Laterano (Church)</marcxml:subfield>
  </marcxml:datafield>
  <marcxml:datafield tag="670" ind1=" " ind2=" ">
    <marcxml:subfield code="a">The four patriarchal basilicas, 1997:</marcxml:subfield>
    <marcxml:subfield code="b">t.p. (Saint John Lateran)</marcxml:subfield>
  </marcxml:datafield>
  <marcxml:datafield tag="670" ind1=" " ind2=" ">
    <marcxml:subfield code="a">St. John's in the Lateran, c1962.</marcxml:subfield>
  </marcxml:datafield>
</marcxml:record>
